<record><leader>00000cas a2200000 a 4500</leader><controlfield tag="001">27702299</controlfield><controlfield tag="008">930310d18871uuuiluwr ne      0    0eng c</controlfield><datafield ind1=" " ind2=" " tag="010"><subfield code="a">sn 93055531 </subfield></datafield><datafield ind1=" " ind2=" " tag="040"><subfield code="a">NVF</subfield><subfield code="b">eng</subfield><subfield code="c">NVF</subfield><subfield code="d">OCL</subfield><subfield code="d">NVF</subfield><subfield code="d">OCLCF</subfield><subfield code="d">OCLCO</subfield></datafield><datafield ind1="1" ind2=" " tag="029"><subfield code="a">AU@</subfield><subfield code="b">000020230625</subfield></datafield><datafield ind1=" " ind2=" " tag="042"><subfield code="a">pcc</subfield></datafield><datafield ind1=" " ind2=" " tag="043"><subfield code="a">n-us-il</subfield></datafield><datafield ind1="0" ind2=" " tag="130"><subfield code="a">Warren County Democrat (Monmouth, Ill.)</subfield></datafield><datafield ind1="1" ind2="0" tag="245"><subfield code="a">Warren County Democrat.</subfield></datafield><datafield ind1=" " ind2=" " tag="260"><subfield code="a">Monmouth, Ill. :</subfield><subfield code="b">Warren County Pub. Co.,</subfield><subfield code="c">1887-[1---?].</subfield></datafield><datafield ind1="2" ind2=" " tag="260"><subfield code="3">1887-Aug. 23, 1888</subfield><subfield code="a">Monmouth, Ill. :</subfield><subfield code="b">Butler &amp; Henderson</subfield></datafield><datafield ind1="2" ind2=" " tag="260"><subfield code="3">Aug. 30-Dec. 13, 1888</subfield><subfield code="a">Monmouth, Ill. :</subfield><subfield code="b">W.O. Butler</subfield></datafield><datafield ind1="2" ind2=" " tag="260"><subfield code="3">Dec. 20, 1888-May, 18, 1893</subfield><subfield code="a">Monmouth, Ill. :</subfield><subfield code="b">Democratic Pub. Co.</subfield></datafield><datafield ind1="2" ind2=" " tag="260"><subfield code="3">May 25-June 29, 1893</subfield><subfield code="a">Monmouth, Ill. :</subfield><subfield code="b">Cook &amp; Hutchins</subfield></datafield><datafield ind1="3" ind2=" " tag="260"><subfield code="3">July 6, 1893-&lt;June 2, 1898&gt;</subfield><subfield code="a">Monmouth, Ill. :</subfield><subfield code="b">Warren County Pub. Co.</subfield></datafield><datafield ind1=" " ind2=" " tag="300"><subfield code="a">v.</subfield></datafield><datafield ind1=" " ind2=" " tag="310"><subfield code="a">Weekly</subfield></datafield><datafield ind1="0" ind2=" " tag="362"><subfield code="a">Vol. 1, no. 1 (Sept. 30, 1887)-</subfield></datafield><datafield ind1=" " ind2=" " tag="530"><subfield code="a">Preservation microfilmed by the University of Illinois at Urbana-Champaign Library as part of the United States Newspaper Program; the years 1887-1913 (on 10 microfilm reels) are available for purchase from OCLC Preservation Service Centers.</subfield></datafield><datafield ind1=" " ind2=" " tag="588"><subfield code="a">Latest issue consulted: Vol. 23, no. 41 (Oct. 9, 1913).</subfield></datafield><datafield ind1=" " ind2="0" tag="651"><subfield code="a">Monmouth (Ill.)</subfield><subfield code="v">Newspapers.</subfield></datafield><datafield ind1=" " ind2="0" tag="651"><subfield code="a">Warren County (Ill.)</subfield><subfield code="v">Newspapers.</subfield></datafield><datafield ind1=" " ind2="7" tag="655"><subfield code="a">Newspapers.</subfield><subfield code="2">fast</subfield><subfield code="0">(OCoLC)fst01423814</subfield></datafield><datafield ind1=" " ind2="7" tag="651"><subfield code="a">Illinois</subfield><subfield code="z">Monmouth.</subfield><subfield code="2">fast</subfield><subfield code="0">(OCoLC)fst01217743</subfield></datafield><datafield ind1=" " ind2="7" tag="651"><subfield code="a">Illinois</subfield><subfield code="z">Warren County.</subfield><subfield code="2">fast</subfield><subfield code="0">(OCoLC)fst01214773</subfield></datafield><datafield ind1=" " ind2=" " tag="752"><subfield code="a">United States</subfield><subfield code="b">Illinois</subfield><subfield code="c">Warren</subfield><subfield code="d">Monmouth.</subfield></datafield></record>